@Inbook{cross-validation,
author="Refaeilzadeh, Payam
and Tang, Lei
and Liu, Huan",
editor="LIU, LING
and {\"O}ZSU, M. TAMER",
title="Cross-Validation",
bookTitle="Encyclopedia of Database Systems",
year="2009",
publisher="Springer US",
address="Boston, MA",
pages="532--538",
isbn="978-0-387-39940-9",
doi="10.1007/978-0-387-39940-9_565",
url="https://doi.org/10.1007/978-0-387-39940-9_565"
}

@article{hadi,
title = {A new measure of overall potential influence in linear regression},
journal = {Computational Statistics \& Data Analysis},
volume = {14},
number = {1},
pages = {1-27},
year = {1992},
issn = {0167-9473},
doi = {https://doi.org/10.1016/0167-9473(92)90078-T},
url = {https://www.sciencedirect.com/science/article/pii/016794739290078T},
author = {Ali S. Hadi},
keywords = {Influence measure, Influential observations, Leverage values, L-R plot, P-R plot, Outliners, Regression diagnostics},
}

@article{covratio,
author = "Merli, Marcello",
title = "{Outlier recognition in crystal-structure least-squares modelling by diagnostic techniques based on leverage analysis}",
journal = "Acta Crystallographica Section A",
year = "2005",
volume = "61",
number = "4",
pages = "471--477",
month = "7",
doi = {10.1107/S010876730501809X},
url = {https://doi.org/10.1107/S010876730501809X},
}

@article{gwsdat,
title = {A software tool for the spatiotemporal analysis and reporting of groundwater monitoring data},
journal = {Environmental Modelling \& Software},
volume = {55},
pages = {242-249},
year = {2014},
issn = {1364-8152},
doi = {https://doi.org/10.1016/j.envsoft.2014.01.020},
url = {https://www.sciencedirect.com/science/article/pii/S1364815214000309},
author = {Wayne R. Jones and Michael J. Spence and Adrian W. Bowman and Ludger Evers and Daniel A. Molinari},
keywords = {Environmental monitoring, Groundwater, Open source software, R, Spatiotemporal, Geostatistics, Spatial modelling, GWSDAT}
}

@article{cook,
 ISSN = {00401706},
 URL = {http://www.jstor.org/stable/1268249},
 author = {R. Dennis Cook},
 journal = {Technometrics},
 number = {1},
 pages = {15--18},
 publisher = {[Taylor & Francis, Ltd., American Statistical Association, American Society for Quality]},
 title = {Detection of Influential Observation in Linear Regression},
 urldate = {2022-11-11},
 volume = {19},
 year = {1977}
}

@book{residuals,
title = "An R Companion to Applied Regression",
author = "Sanford Weisberg and J Fox",
year = "2011",
language = "English",
publisher = "Thousand Oaks: Sage",
edition = "2",
}

@book{dffits,
  title={Regression diagnostics: Identifying influential data and sources of collinearity},
  author={Belsley, David A and Kuh, Edwin and Welsch, Roy E},
  year={2005},
  publisher={John Wiley \& Sons}
}

@article{mclean2019,
title = {Statistical modelling of groundwater contamination monitoring data: A comparison of spatial and spatiotemporal methods},
journal = {Science of The Total Environment},
volume = {652},
pages = {1339-1346},
year = {2019},
issn = {0048-9697},
doi = {https://doi.org/10.1016/j.scitotenv.2018.10.231},
url = {https://www.sciencedirect.com/science/article/pii/S0048969718341275},
author = {M.I. McLean and L. Evers and A.W. Bowman and M. Bonte and W.R. Jones},
keywords = {Groundwater monitoring, Spatiotemporal, Kriging, Penalized splines, Statistical modelling, Groundwater contamination}
}